@article{hawkes,
	author =       "Laub, Patrick J., Thomas Taimre, and Philip K. Pollett",
	title =        "{Hawkes processes}",
	url = {https://arxiv.org/abs/1507.02822},
	month = {Jul},
	year = {2015}
}
@MASTERSTHESIS{thesis,
	AUTHOR =       {Katarzyna Obral},
	TITLE =        {Simulation, Estimation and Applications of Hawkes Processes},
	SCHOOL =       {Minnesota},
	YEAR =         {2016},
	month =        {June},
}